@string{SP="IEEE Security and Privacy Magazine"}
@string{CODASPY="ACM Conference on Data and Application Security and Privacy"}
@string{ATC="Usenix Annual Technical Conference"}
@string{CSUR="ACM Computing Surveys"}
@string{RTSS="Real-Time Systems Symposium"}
@string{arXiv="arXiv Technical Report"}
@string{LangSec="Language-theoretic Security IEEE Security and Privacy Workshop"}
@string{CCS="ACM Conference on Computer and Communication Security"}
@string{IOTSP="Workshop on the Internet of Things Security and Privacy"}
@string{NDSS="Network and Distributed System Security Symposium"}
@string{ISPASS="International Symposium on Performance Analysis of Systems and Software"}
@string{CCC="Chaos Communication Congress"}
@string{NSPW="New Security Paradigms Workshop"}
@string{BHEU="BlackHat Europe"}
@string{TR="Technical Report"}
@string{PLDI="ACM International Conference on Programming Language Design and Implementation"}
@string{EuroSP="IEEE European Symposium on Security and Privacy"}
@string{SS3P="Open Textbook"}
@string{DIMVA="Conference on Detection of Intrusions and Malware and Vulnerability Assessment"}
@string{ISMM="ACM SIGPLAN International Symposium on Memory Management"}
@string{ESSoS="Int'l. Symp. on Eng. Secure Software and Systems"}
@string{SEC="Usenix Security Symposium"}
@string{IMC="ACM Internet Measurement Conference"}
@string{TSE="IEEE Transactions on Software Engineering"}
@string{CC="International Conference on Compiler Construction"}
@string{STM="International Workshop on Security and Trust Management"}
@string{ArmsRace="The Continuing Arms Race"}
@string{TRB="Transportation Research Board"}
@string{FEAST="Forming an Ecosystem Around Software Transformation"}
@string{DSN="IEEE/IFIP International Conference on Dependable Systems and Networks"}
@string{SyScan360="Symposium on Security for Asia Network + 360"}
@string{BalCCon="Balkan Computer Congress"}
@string{DSAL="AOSD workshop on Domain-Specific Aspect Languages"}
@string{ESORICS="European Symposium on Research in Computer Security"}
@string{WOOT="Usenix Workshop on Offensive Technologies"}
@string{TIFS="IEEE Transactions on Information Forensics and Security"}
@string{HotSWUp="Usenix Workshop on Hot Topics in Software Upgrades"}
@string{AsiaCCS="ACM Symp. on InformAtion, Computer and Communications Security"}
@string{AMAS-BT="Workshop on Architectural and Microarchitectural Support for Binary Translation"}
@string{PPREW="Program Protection and Reverse Engineering Workshop"}
@string{SYSTOR="ACM International Systems and Storage Conference"}
@string{VEE="ACM International Conference on Virtual Execution Environments"}
@string{OSDI="Usenix Symposium on Operating Systems Design and Implementation"}
@string{Oakland="IEEE International Symposium on Security and Privacy"}
@string{PST="IEEE Conference on Privacy, Security, and Trust"}

@proceedings{hextype,
    author = {Yuseok Jeon and Priyam Biswas and Scott Carr and Byoungyoung Lee and Mathias Payer},
    title = {{HexType: Efficient Detection of Type Confusion Errors for C++}},
    year = {2024},
    url = {https://nebelwelt.net/files/17CCS.pdf}
}

@proceedings{typesan,
    author = {Istvan Haller and Yuseok Jeon and Hui Peng and Mathias Payer and Cristiano Giuffrida and Herbert Bos and Erik van der Kouwe},
    title = {{TypeSan: Practical Type Confusion Detection}},
    year = {2016},
    url = {https://dl.acm.org/doi/abs/10.1145/2976749.2978405},
}

@misc{typepp,
    author = {Nicolas Badoux},
    title = {type++: Prohibiting Type Confusion with Inline Type Information}, 
}

@online{nist,
  author = {National Institute of Standards and Technology},
  title = {{NIST CVE-2023-3079 Detail Page}},
  year = {2023},
  url = {https://nvd.nist.gov/vuln/detail/CVE-2023-3079},
  keywords = {nist},
}

@online{tiobe,
  title = {{TIOBE index of june 2024}},
  year = {2024},
  url = {https://www.tiobe.com/tiobe-index/},
  urldate = {2024-06-07},
}

@proceedings{tcd,
    author = {Changwei Zou, Yulei Sui, and Hua Yan and Jingling Yue},
    title = {{TCD: Statically Detecting Type Confusion Errors in C++ Programs}},
    year = {2019},
    url= {https://ieeexplore.ieee.org/abstract/document/8987463/figures#figures},
}

@online{telegram_cve,
  author = {National Institute of Standards and Technology},
  title = {{NIST CVE-2021-31318 Detail Page}},
  year = {2021},
  url = {https://nvd.nist.gov/vuln/detail/CVE-2021-31318},
}

@online{telegram_cve_2,
  author = {National Institute of Standards and Technology},
  title = {{NIST CVE-2021-31317 Detail Page}},
  year = {2021},
  url = {https://nvd.nist.gov/vuln/detail/CVE-2021-31317},
}

@online{chromium,
  author = {National Institute of Standards and Technology},
  title = {{NIST CVE-2022-2295 Detail Page}},
  year = {2021},
  url = {https://nvd.nist.gov/vuln/detail/CVE-2022-2295},
}